
@article{karpinski,
    author    = {P. Berman and
              M. Karpinski and
               A. D. Scott},  
    Title = {of {SAT}}, 
    journal   = {Electronic Colloquium on Computational Complexity {(ECCC)}}, 
    volume    = {10}, 
    number    = {022},
    year      = {2003}
}

@Article{Biscotti15,
   Author="Biscotti, 
   M. A.  and Olmo, 
   E.  and Heslop-Harrison, 
   J. S. ", 
   Title="{{R}epetitive {D}{N}{A} in eukaryotic genomes}",
   Journal="Chromosome Res.",
   Year="2015", Volume="23",Number="3",Pages="415--420",Month="Sep"
   
}
